
@techreport{goodman-bacon_difference--differences_2018,
	type = {Working {Paper}},
	title = {Difference-in-{Differences} with {Variation} in {Treatment} {Timing}},
	url = {http://www.nber.org/papers/w25018},
	number = {25018},
	urldate = {2019-06-20},
	institution = {National Bureau of Economic Research},
	author = {Goodman-Bacon, Andrew},
	year = {2018}
}


@article{abraham_estimating_2018,
	title = {Estimating {Dynamic} {Treatment} {Effects} in {Event} {Studies} {With} {Heterogeneous} {Treatment} {Effects}},
	url = {https://www.ssrn.com/abstract=3158747},
	journal = {SSRN Electronic Journal},
	author = {Abraham, Sarah and Sun, Liyang},
	year = {2018}
}


@article{roth_pre-test_2019,
	title = {Pre-test with {Caution}: {Event}-study {Estimates} {After} {Testing} for {Parallel} {Trends}},
	journal = {Harvard University Working Paper},
	author = {Roth, Jonathan},
	year = {2019}
}

@article{bertrand,
	title = {How Much Should We Trust Differences-In-Differences Estimates?},
	journal = {Quarterly Journal of Economics},
	author = {Marianne Bertrand and Esther Duflo and Sendhil Mullainathan},
	volume={119},
	number={1},
	year = {2004}
}

@article{Cameron,
	title = {Bootstrap-Based Improvements for Inference with Clustered Errors},
	journal = {The Review of Economics and Statistics},
	author = {A. Colin Cameron and Jonah B. Gelbach and Douglas L. Miller},
	volume={90},
	number={3},
	year = {2008}
}

@article{Abadie,
	title = {Synthetic Control Methods for Comparative Case Studies: Estimating the Effect of Californiaâ€™s Tobacco Control Program},
	journal = {JASA},
	author = {Alberto Abadie and Alexis Diamond and Jens Hainmueller},
	volume={105},
	number={490},
	year = {2010}
}

@article{Hirano,
	title = {Efficient estimation of average treatment effects using the estimated propensity score},
	journal = {Econometrica},
	author = {Keisuke Hirano and Guido W Imbens and Geert Ridder},
	volume={71},
	number={4},
	year = {2003}
}



@article{hagemann,
	title = {Placebo inference on treatment effects when the number of clusters is small},
	journal = {Journal of Econometrics},
	author = {Andreas Hagemann},
	year = {2019},
	volume={213},
	number={1}
}
